<?xml version="1.0" encoding="UTF-8"?><collection xmlns="http://www.loc.gov/MARC21/slim"><record><leader>00672nam--2200181-i-4500</leader><controlfield tag="001">000011323</controlfield><controlfield tag="002">20161230</controlfield><controlfield tag="005">20161230201029</controlfield><controlfield tag="008">060222s1000------------r-----000-0-eng-d</controlfield><datafield ind1=" " ind2=" " tag="040"><subfield code="a">IFIN-HH</subfield></datafield><datafield ind1=" " ind2=" " tag="080"><subfield code="a">537.533.35(061.3)</subfield></datafield><datafield ind1="1" ind2=" " tag="100"><subfield code="a">Arceneaux, Claude J</subfield></datafield><datafield ind1="1" ind2="0" tag="245"><subfield code="a">Proceedings thirtieth annual meeting electron microscopy society of america and first pacific regional conference on electron microscopy, los angeles, california, august 14, 15, 16 and 17, 1972</subfield><subfield code="c">Claude j. arceneaux (ed.)</subfield></datafield><datafield ind1=" " ind2=" " tag="260"><subfield code="a">Baton Rouge</subfield><subfield code="b">Claitor'S Publishing Division</subfield><subfield code="c">1972</subfield></datafield><datafield ind1=" " ind2=" " tag="300"><subfield code="a">XX + 703 P</subfield></datafield><datafield ind1=" " ind2=" " tag="490"><subfield code="a">Proceedings</subfield></datafield><datafield ind1=" " ind2=" " tag="852"><subfield code="a">42008</subfield><subfield code="c">537.533.35</subfield></datafield><datafield ind1=" " ind2=" " tag="CAT"><subfield code="a">Sys</subfield><subfield code="c">20110912</subfield><subfield code="h">153728</subfield></datafield></record></collection>